<record><leader>00000cas a22000007a 4500</leader><controlfield tag="001">27787158</controlfield><controlfield tag="008">930324d19061907okuwr n       0    0eng d</controlfield><datafield ind1=" " ind2=" " tag="010"><subfield code="a">sn 93065969 </subfield></datafield><datafield ind1=" " ind2=" " tag="040"><subfield code="a">OBN</subfield><subfield code="b">eng</subfield><subfield code="c">OBN</subfield><subfield code="d">OCLCQ</subfield><subfield code="d">OCLCF</subfield><subfield code="d">OCLCO</subfield></datafield><datafield ind1="1" ind2=" " tag="029"><subfield code="a">AU@</subfield><subfield code="b">000020744790</subfield></datafield><datafield ind1=" " ind2=" " tag="042"><subfield code="a">msc</subfield></datafield><datafield ind1=" " ind2=" " tag="043"><subfield code="a">n-us-ok</subfield></datafield><datafield ind1="0" ind2="0" tag="245"><subfield code="a">Hominy republican.</subfield></datafield><datafield ind1=" " ind2=" " tag="260"><subfield code="a">Hominy, Osage County, Okla. :</subfield><subfield code="b">[s.n.]</subfield></datafield><datafield ind1=" " ind2=" " tag="300"><subfield code="a">v.</subfield></datafield><datafield ind1=" " ind2=" " tag="310"><subfield code="a">Weekly</subfield></datafield><datafield ind1="1" ind2=" " tag="362"><subfield code="a">Began in 1906.</subfield></datafield><datafield ind1=" " ind2=" " tag="588"><subfield code="a">Description based on: Vol. 2, no. 5 (Sept. 13, 1907).</subfield></datafield><datafield ind1=" " ind2="0" tag="651"><subfield code="a">Hominy (Okla.)</subfield><subfield code="v">Newspapers.</subfield></datafield><datafield ind1=" " ind2="0" tag="651"><subfield code="a">Osage County (Okla.)</subfield><subfield code="v">Newspapers.</subfield></datafield><datafield ind1=" " ind2="7" tag="655"><subfield code="a">Newspapers.</subfield><subfield code="2">fast</subfield><subfield code="0">(OCoLC)fst01423814</subfield></datafield><datafield ind1=" " ind2="7" tag="651"><subfield code="a">Oklahoma</subfield><subfield code="z">Hominy.</subfield><subfield code="2">fast</subfield><subfield code="0">(OCoLC)fst01228531</subfield></datafield><datafield ind1=" " ind2="7" tag="651"><subfield code="a">Oklahoma</subfield><subfield code="z">Osage County.</subfield><subfield code="2">fast</subfield><subfield code="0">(OCoLC)fst01208067</subfield></datafield><datafield ind1=" " ind2=" " tag="752"><subfield code="a">United States</subfield><subfield code="b">Oklahoma</subfield><subfield code="c">Osage</subfield><subfield code="d">Hominy.</subfield></datafield><datafield ind1="0" ind2="7" tag="785"><subfield code="t">Hominy news (Hominy, Okla. : 1985)</subfield><subfield code="w">(DLC)sn 93065968</subfield></datafield><datafield ind1="0" ind2="7" tag="785"><subfield code="t">Hominy news-republican</subfield><subfield code="w">(DLC)sn 93065970</subfield></datafield></record>